@book{Krizhevsky2012,
title = {ImageNet Classification with Deep Convolutional Neural Networks},
author = {Alex Krizhevsky and Sutskever, Ilya and Hinton, Geoffrey E},
booktitle = {Advances in Neural Information Processing Systems 25},
editor = {F. Pereira and C. J. C. Burges and L. Bottou and K. Q. Weinberger},
pages = {1097--1105},
year = {2012},
publisher = {Curran Associates, Inc.},
url = {http://papers.nips.cc/paper/4824-imagenet-classification-with-deep-convolutional-neural-networks.pdf}
}

@misc{cDiscountKaggle,
publisher = {Dataset on Kaggle},
author = {Cdiscount},
title = {Cdiscount's Image Classification Challenge},
year = {2017},
url = {https://www.kaggle.com/c/cdiscount-image-classification-challenge}
}

@book{deng2010does,
  title={What does classifying more than 10,000 image categories tell us?},
  author={Deng, Jia and Berg, Alexander C and Li, Kai and Fei-Fei, Li},
  booktitle={European conference on computer vision},
  pages={71--84},
  year={2010},
  organization={Springer}
}

@article{pan2010survey,
  title={A survey on transfer learning},
  author={Pan, Sinno Jialin and Yang, Qiang},
  journal={IEEE Transactions on knowledge and data engineering},
  volume={22},
  number={10},
  pages={1345--1359},
  year={2010},
  publisher={IEEE}
}

@inproceedings{he2016deep,
  title={Deep residual learning for image recognition},
  author={He, Kaiming and Zhang, Xiangyu and Ren, Shaoqing and Sun, Jian},
  booktitle={Proceedings of the IEEE conference on computer vision and pattern recognition},
  pages={770--778},
  year={2016}
}

@article{gross2016training,
	title={Training and investigating Residual Nets},
	author={Gross, Sam and Wilber, Michael},
	journal = {Torch Blog},
	type = {Blog},
	number = {February 4},
	year = {2016},
	howpublished = {\urlhttp://torch.ch/blog/2016/02/04/resnets.html
}}

@article{srivastava2014dropout,
  title={Dropout: a simple way to prevent neural networks from overfitting.},
  author={Srivastava, Nitish and Hinton, Geoffrey E and Krizhevsky, Alex and Sutskever, Ilya and Salakhutdinov, Ruslan},
  journal={Journal of machine learning research},
  volume={15},
  number={1},
  pages={1929--1958},
  year={2014}
}

@inproceedings{szegedy2015going,
  title={Going deeper with convolutions},
  author={Szegedy, Christian and Liu, Wei and Jia, Yangqing and Sermanet, Pierre and Reed, Scott and Anguelov, Dragomir and Erhan, Dumitru and Vanhoucke, Vincent and Rabinovich, Andrew},
  booktitle={Proceedings of the IEEE conference on computer vision and pattern recognition},
  pages={1--9},
  year={2015}
}

@article{taylor2017improving,
  title={Improving Deep Learning using Generic Data Augmentation},
  author={Taylor, Luke and Nitschke, Geoff},
  journal={arXiv preprint arXiv:1708.06020},
  year={2017}
}

@misc{paszke2017pytorch,
  title={PyTorch},
  author={Paszke, Adam and Gross, Sam and Chintala, Soumith and Chanan, Gregory},
  year={2017}
}
